<record><leader>00000cas a2200000 a 4500</leader><controlfield tag="001">7826824</controlfield><controlfield tag="008">811008d19852003nyudn ne      0   d0jpn c</controlfield><datafield ind1=" " ind2=" " tag="010"><subfield code="a">sn 86011344 </subfield></datafield><datafield ind1=" " ind2=" " tag="040"><subfield code="a">BUF</subfield><subfield code="b">eng</subfield><subfield code="c">BUF</subfield><subfield code="d">DLC</subfield><subfield code="d">NSD</subfield><subfield code="d">IUL</subfield><subfield code="d">NST</subfield><subfield code="d">HUL</subfield><subfield code="d">NYS</subfield><subfield code="d">HUL</subfield><subfield code="d">IUL</subfield><subfield code="d">FUG</subfield><subfield code="d">MYG</subfield><subfield code="d">NVF</subfield><subfield code="d">NYS</subfield><subfield code="d">HUL</subfield><subfield code="d">IUL</subfield><subfield code="d">OCLCQ</subfield><subfield code="d">OCLCF</subfield></datafield><datafield ind1=" " ind2=" " tag="066"><subfield code="c">$1</subfield></datafield><datafield ind1=" " ind2=" " tag="012"><subfield code="i">9211</subfield><subfield code="m">1</subfield></datafield><datafield ind1="0" ind2=" " tag="022"><subfield code="a">0890-8710</subfield><subfield code="l">0890-8710</subfield><subfield code="2">1</subfield></datafield><datafield ind1="1" ind2=" " tag="029"><subfield code="a">NZ1</subfield><subfield code="b">374018</subfield></datafield><datafield ind1="1" ind2=" " tag="029"><subfield code="a">AU@</subfield><subfield code="b">000015721121</subfield></datafield><datafield ind1=" " ind2=" " tag="032"><subfield code="a">399450</subfield><subfield code="b">USPS</subfield></datafield><datafield ind1=" " ind2=" " tag="037"><subfield code="b">Yomiuri America Inc., 666 5th Ave., 5th Floor, New York, NY 10103</subfield></datafield><datafield ind1=" " ind2=" " tag="042"><subfield code="a">nsdp</subfield><subfield code="a">pcc</subfield></datafield><datafield ind1=" " ind2=" " tag="043"><subfield code="a">n-us---</subfield><subfield code="a">a-ja---</subfield></datafield><datafield ind1="1" ind2="0" tag="082"><subfield code="a">952</subfield><subfield code="2">11</subfield></datafield><datafield ind1="0" ind2=" " tag="130"><subfield code="6">880-01</subfield><subfield code="a">Yomiuri shinbun (New York, N.Y.)</subfield></datafield><datafield ind1=" " ind2="4" tag="222"><subfield code="a">The Yomiuri shinbun</subfield><subfield code="b">(New York, N.Y.)</subfield></datafield><datafield ind1="1" ind2="0" tag="245"><subfield code="a">Yomiuri shinbun =</subfield><subfield code="b">The Yomiuri shimbun.</subfield></datafield><datafield ind1="3" ind2="1" tag="246"><subfield code="a">Yomiuri shimbun</subfield></datafield><datafield ind1=" " ind2=" " tag="260"><subfield code="a">New York, N.Y. :</subfield><subfield code="b">New York Yomiuri Press,</subfield><subfield code="c">-2003.</subfield></datafield><datafield ind1=" " ind2=" " tag="300"><subfield code="a">v. :</subfield><subfield code="b">ill. ;</subfield><subfield code="c">59 cm.</subfield></datafield><datafield ind1=" " ind2=" " tag="310"><subfield code="a">Daily,</subfield><subfield code="b">&lt;1993-nen 3-gatsu 2-nichi, Kayo&#772;bi&gt;-2003-nen 10-gatsu 1-nichi, Suiyo&#772;bi.</subfield></datafield><datafield ind1=" " ind2=" " tag="321"><subfield code="a">Daily,</subfield><subfield code="b">&lt;Sept. 25, 1981&gt;-</subfield></datafield><datafield ind1=" " ind2=" " tag="321"><subfield code="a">Daily (except Saturday),</subfield><subfield code="b">&lt;1986-nen 4-gatsu 16-nichi, Suiyo&#772;bi-&gt;</subfield></datafield><datafield ind1="1" ind2=" " tag="362"><subfield code="a">Began in 1985.</subfield></datafield><datafield ind1="0" ind2=" " tag="362"><subfield code="a">-Issue no. 45804 (Oct. 1, 2003).</subfield></datafield><datafield ind1=" " ind2=" " tag="500"><subfield code="a">Also called "satellite ed." &lt;1995-nen 2-gatsu&gt;-2003-nen 10 gatsu.</subfield></datafield><datafield ind1=" " ind2=" " tag="546"><subfield code="a">In Japanese.</subfield></datafield><datafield ind1=" " ind2=" " tag="580"><subfield code="a">Tokyo ed.: Yomiuri shinbun (Tokyo, Japan), &lt;1981&gt;-</subfield></datafield><datafield ind1=" " ind2=" " tag="588"><subfield code="a">Description based on: Issue no. 37785 (Sept. 25, 1981).</subfield></datafield><datafield ind1=" " ind2="0" tag="650"><subfield code="a">Japanese</subfield><subfield code="z">United States</subfield><subfield code="v">Newspapers.</subfield></datafield><datafield ind1=" " ind2="0" tag="651"><subfield code="a">New York (N.Y.)</subfield><subfield code="v">Newspapers.</subfield></datafield><datafield ind1=" " ind2="0" tag="651"><subfield code="a">New York County (N.Y.)</subfield><subfield code="v">Newspapers.</subfield></datafield><datafield ind1=" " ind2="0" tag="651"><subfield code="a">Tokyo (Japan)</subfield><subfield code="v">Newspapers.</subfield></datafield><datafield ind1=" " ind2="7" tag="655"><subfield code="a">Newspapers.</subfield><subfield code="2">fast</subfield><subfield code="0">(OCoLC)fst01423814</subfield></datafield><datafield ind1=" " ind2="7" tag="650"><subfield code="a">Japanese.</subfield><subfield code="2">fast</subfield><subfield code="0">(OCoLC)fst00981362</subfield></datafield><datafield ind1=" " ind2="7" tag="651"><subfield code="a">Japan</subfield><subfield code="z">Tokyo.</subfield><subfield code="2">fast</subfield><subfield code="0">(OCoLC)fst01204835</subfield></datafield><datafield ind1=" " ind2="7" tag="651"><subfield code="a">New York (State)</subfield><subfield code="z">New York.</subfield><subfield code="2">fast</subfield><subfield code="0">(OCoLC)fst01204333</subfield></datafield><datafield ind1=" " ind2="7" tag="651"><subfield code="a">New York (State)</subfield><subfield code="z">New York County.</subfield><subfield code="2">fast</subfield><subfield code="0">(OCoLC)fst01234953</subfield></datafield><datafield ind1=" " ind2="7" tag="651"><subfield code="a">United States.</subfield><subfield code="2">fast</subfield><subfield code="0">(OCoLC)fst01204155</subfield></datafield><datafield ind1=" " ind2=" " tag="752"><subfield code="a">United States</subfield><subfield code="b">New York</subfield><subfield code="c">New York</subfield><subfield code="d">New York.</subfield></datafield><datafield ind1=" " ind2=" " tag="752"><subfield code="a">Japan</subfield><subfield code="d">Tokyo.</subfield></datafield><datafield ind1="1" ind2=" " tag="775"><subfield code="t">Yomiuri shinbun (Tokyo, Japan)</subfield><subfield code="f">ja</subfield><subfield code="w">(DLC)sc 85005244</subfield><subfield code="w">(OCoLC)10795749</subfield></datafield><datafield ind1="0" ind2=" " tag="775"><subfield code="t">Yomiuri America</subfield><subfield code="w">(DLC)sn 96038153</subfield><subfield code="w">(OCoLC)35119596</subfield></datafield><datafield ind1=" " ind2=" " tag="850"><subfield code="a">FU</subfield><subfield code="a">IaU</subfield><subfield code="a">InU</subfield></datafield><datafield ind1="0" ind2=" " tag="880"><subfield code="6">130-01/$1</subfield><subfield code="a">&#35712;&#36067;&#26032;&#32862; (New York, N.Y.)</subfield></datafield></record>